@inproceedings{zaharia2008improving,
  title={Improving {M}ap{R}educe performance in heterogeneous environments},
  author={Zaharia, Matei and Konwinski, Andy and Joseph, Anthony D and Katz, Randy and Stoica, Ion},
  booktitle={OSDI},
  pages={29--42},
  year={2008},
  organization={USENIX}
}

@article{pouwelse2008tribler,
  title={TRIBLER: a social-based peer-to-peer system},
  author={Pouwelse, Johan A and Garbacki, Pawel and Wang, Jun and Bakker, Arno and Yang, Jie and Iosup, Alexandru and Epema, Dick HJ and Reinders, Marcel and Van Steen, Maarten R and Sips, Henk J},
  journal={Concurrency and Computation: Practice and Experience},
  volume={20},
  number={2},
  pages={127--138},
  year={2008},
  publisher={Wiley Online Library}
}

@incollection{halkes2011udp,
  title={UDP NAT and Firewall Puncturing in the Wild},
  author={Halkes, Gertjan and Pouwelse, Johan},
  booktitle={NETWORKING 2011},
  pages={1--12},
  year={2011},
  publisher={Springer}
}
