@inproceedings{zaharia2008improving,
  title={Improving {M}ap{R}educe performance in heterogeneous environments},
  author={Zaharia, Matei and Konwinski, Andy and Joseph, Anthony D and Katz, Randy and Stoica, Ion},
  booktitle={OSDI},
  pages={29--42},
  year={2008},
  organization={USENIX}
}
